@article{yingAnalysisCommunityStructure2019,
 author = {Ying, Rui and Jiang, Li and Yin, Fangmin and Huang, Jianrong and Li, Zufu and Wang, Yingyong and Feng, Jianxiang},
 copyright = {All rights reserved},
 doi = {10.12131/20190009},
 issn = {2095-0780},
 journal = {South China Fisheries Science},
 language = {zh-CN},
 pages = {1},
 title = {Analysis of community structure and diversity of nekton in Kaozhouyang Bay using gill nets and cages},
 volume = {15},
 year = {2019}
}

