@article{yingSingleSynergisticEffects2018,
 author = {Ying, Rui and Chen, Jingfang and Gao, Shanshan and Li, Zufu and Feng, Jiangxiang},
 copyright = {All rights reserved},
 doi = {10.13292/j.1000-4890.201809.014},
 issn = {1000-4890},
 journal = {Chinese Journal of Ecology},
 keywords = {nitrogen and phosphorus nutrients, phytoremediation, Sesuvium portulacastrum, Ulva lactuca, water purification},
 language = {zh-CN},
 number = {09},
 pages = {2745--2753},
 title = {Single and synergistic effects of Ulva lactuca and sesuvium portulacastrum on the purification of mariculture wastewater},
 url = {http://www.cnki.net/kcms/doi/10.13292/j.1000-4890.201809.014.html},
 urldate = {2019-07-31},
 volume = {37},
 year = {2018}
}

